[gd_scene load_steps=12 format=2]

[ext_resource path="res://CattyBoi.tscn" type="PackedScene" id=1]
[ext_resource path="res://CameraDolly.gd" type="Script" id=2]
[ext_resource path="res://theme.tres" type="Theme" id=3]
[ext_resource path="res://sprites/fire-background.png" type="Texture" id=4]
[ext_resource path="res://game.gd" type="Script" id=5]
[ext_resource path="res://sound/cattyboi1b.ogg" type="AudioStream" id=6]
[ext_resource path="res://sprites/satanfireball.png" type="Texture" id=7]

[sub_resource type="RectangleShape2D" id=1]
extents = Vector2( 75000, 10 )

[sub_resource type="RectangleShape2D" id=2]
extents = Vector2( 149.625, 356.451 )

[sub_resource type="Animation" id=3]
resource_name = "leveltransition"
tracks/0/type = "value"
tracks/0/path = NodePath("Sprite:position")
tracks/0/interp = 1
tracks/0/loop_wrap = true
tracks/0/imported = false
tracks/0/enabled = true
tracks/0/keys = {
"times": PoolRealArray( 0, 1 ),
"transitions": PoolRealArray( 4.14106, 1 ),
"update": 0,
"values": [ Vector2( 1000, -1000 ), Vector2( 0, 0 ) ]
}
tracks/1/type = "method"
tracks/1/path = NodePath("..")
tracks/1/interp = 1
tracks/1/loop_wrap = true
tracks/1/imported = false
tracks/1/enabled = true
tracks/1/keys = {
"times": PoolRealArray( 1 ),
"transitions": PoolRealArray( 1 ),
"values": [ {
"args": [  ],
"method": "level_transition"
} ]
}

[sub_resource type="RectangleShape2D" id=4]
extents = Vector2( 1000, 1000 )

[node name="Game" type="Node2D"]
script = ExtResource( 5 )

[node name="StaticBody2D" type="StaticBody2D" parent="."]

[node name="CollisionShape2D" type="CollisionShape2D" parent="StaticBody2D"]
shape = SubResource( 1 )

[node name="CattyBoi" parent="." instance=ExtResource( 1 )]
position = Vector2( 2106.62, -162.015 )

[node name="CameraDolly" type="Node2D" parent="."]
position = Vector2( 110.792, 441.832 )
script = ExtResource( 2 )

[node name="Camera2D" type="Camera2D" parent="CameraDolly"]
current = true
zoom = Vector2( 1.5, 1.5 )

[node name="ParallaxBackground" type="ParallaxBackground" parent="."]

[node name="ParallaxLayer2" type="ParallaxLayer" parent="ParallaxBackground"]
position = Vector2( 0, 500 )
z_index = -1
motion_scale = Vector2( 0.75, 0.9 )
motion_offset = Vector2( 0, -750 )

[node name="TextureRect2" type="TextureRect" parent="ParallaxBackground/ParallaxLayer2"]
margin_right = 25904.0
margin_bottom = 495.0
texture = ExtResource( 4 )
stretch_mode = 2
__meta__ = {
"_edit_use_anchors_": false
}

[node name="ParallaxLayer3" type="ParallaxLayer" parent="ParallaxBackground"]
position = Vector2( 100, 250 )
z_index = -2
motion_scale = Vector2( 0.5, 0.8 )
motion_offset = Vector2( 0, -750 )

[node name="TextureRect2" type="TextureRect" parent="ParallaxBackground/ParallaxLayer3"]
margin_top = 200.0
margin_right = 25904.0
margin_bottom = 695.0
texture = ExtResource( 4 )
stretch_mode = 2
__meta__ = {
"_edit_use_anchors_": false
}

[node name="ParallaxLayer4" type="ParallaxLayer" parent="ParallaxBackground"]
position = Vector2( 200, 0 )
z_index = -3
motion_scale = Vector2( 0.25, 0.7 )
motion_offset = Vector2( 0, -750 )

[node name="TextureRect2" type="TextureRect" parent="ParallaxBackground/ParallaxLayer4"]
margin_left = -9.0
margin_top = 400.0
margin_right = 25895.0
margin_bottom = 895.0
texture = ExtResource( 4 )
stretch_mode = 2
__meta__ = {
"_edit_use_anchors_": false
}

[node name="Node2D" type="Node2D" parent="."]
position = Vector2( -4, -132 )

[node name="TextureRect" type="TextureRect" parent="Node2D"]
margin_right = 25904.0
margin_bottom = 495.0
texture = ExtResource( 4 )
stretch_mode = 2
__meta__ = {
"_edit_use_anchors_": false
}

[node name="AudioStreamPlayer" type="AudioStreamPlayer" parent="."]
stream = ExtResource( 6 )

[node name="doorsatan" type="Area2D" parent="."]
position = Vector2( 16305.9, -92.8048 )

[node name="CollisionShape2D" type="CollisionShape2D" parent="doorsatan"]
shape = SubResource( 2 )

[node name="Sprite" type="Sprite" parent="doorsatan"]
position = Vector2( 1000, -1000 )
rotation = -0.666439
texture = ExtResource( 7 )

[node name="AnimationPlayer" type="AnimationPlayer" parent="doorsatan"]
anims/leveltransition = SubResource( 3 )

[node name="helptext" type="Control" parent="."]
margin_right = 40.0
margin_bottom = 40.0
__meta__ = {
"_edit_use_anchors_": false
}

[node name="RichTextLabel" type="RichTextLabel" parent="helptext"]
margin_left = 1932.26
margin_top = -528.058
margin_right = 2346.26
margin_bottom = -360.058
size_flags_vertical = 5
theme = ExtResource( 3 )
text = "A  key - move left

D key - Move right"
fit_content_height = true
__meta__ = {
"_edit_use_anchors_": false
}

[node name="RichTextLabel2" type="RichTextLabel" parent="helptext"]
margin_left = 3276.54
margin_top = -474.851
margin_right = 3762.54
margin_bottom = -385.851
size_flags_vertical = 5
theme = ExtResource( 3 )
text = "R key - reload shotgun"
fit_content_height = true
__meta__ = {
"_edit_use_anchors_": false
}

[node name="RichTextLabel3" type="RichTextLabel" parent="helptext"]
margin_left = 3978.71
margin_top = -479.549
margin_right = 4528.71
margin_bottom = -390.549
size_flags_vertical = 5
theme = ExtResource( 3 )
text = "Left mouse button - shoot"
fit_content_height = true
__meta__ = {
"_edit_use_anchors_": false
}

[node name="RichTextLabel6" type="RichTextLabel" parent="helptext"]
margin_left = 2599.6
margin_top = -467.076
margin_right = 3149.6
margin_bottom = -378.076
size_flags_vertical = 5
theme = ExtResource( 3 )
text = "Mouse pointer - aim"
fit_content_height = true
__meta__ = {
"_edit_use_anchors_": false
}

[node name="RichTextLabel4" type="RichTextLabel" parent="helptext"]
margin_left = 4784.14
margin_top = -476.324
margin_right = 5442.14
margin_bottom = -387.324
size_flags_vertical = 5
theme = ExtResource( 3 )
text = "Right mouse button - swing axe"
fit_content_height = true
__meta__ = {
"_edit_use_anchors_": false
}

[node name="RichTextLabel5" type="RichTextLabel" parent="helptext"]
margin_left = 5697.55
margin_top = -478.844
margin_right = 6355.55
margin_bottom = -389.844
size_flags_vertical = 5
theme = ExtResource( 3 )
text = "Spacebar - jump"
fit_content_height = true
__meta__ = {
"_edit_use_anchors_": false
}

[node name="RichTextLabel7" type="RichTextLabel" parent="helptext"]
margin_left = 54.5979
margin_top = -405.791
margin_right = 712.598
margin_bottom = -316.791
size_flags_vertical = 5
theme = ExtResource( 3 )
text = "go →"
fit_content_height = true
__meta__ = {
"_edit_use_anchors_": false
}

[node name="StartArea" type="Area2D" parent="."]

[node name="CollisionShape2D" type="CollisionShape2D" parent="StartArea"]
position = Vector2( 6965.05, -620.066 )
shape = SubResource( 4 )
